<record xmlns="http://www.loc.gov/MARC21/slim" xmlns:xsi="http://www.w3.org/2001/XMLSchema-instance" xsi:schemaLocation="http://www.loc.gov/MARC21/slim http://www.loc.gov/standards/marcxml/schema/MARC21slim.xsd"><leader>01440nam a2200289   4500</leader><controlfield tag="001">001680091</controlfield><controlfield tag="003">NNU</controlfield><controlfield tag="006">m        d        </controlfield><controlfield tag="007">cr cn |||m|||a</controlfield><controlfield tag="008">140707r19671902iq      o     000 0 ara d</controlfield><datafield ind1=" " ind2=" " tag="040"><subfield code="a">NNU</subfield><subfield code="b">eng</subfield><subfield code="c">NNU</subfield></datafield><datafield ind1="1" ind2=" " tag="100"><subfield code="a">Ab&#363; al-Mu&#7789;ahhar al-Azd&#299;, Mu&#7717;ammad ibn A&#7717;mad.</subfield></datafield><datafield ind1="1" ind2="0" tag="245"><subfield code="a">&#7716;ik&#257;yat Ab&#299; al-Q&#257;sim al-Baghd&#257;d&#299;</subfield><subfield code="h">[electronic resource] :</subfield><subfield code="b">ta&#700;l&#299;f Mu&#7717;ammad ibn A&#7717;mad Ab&#299; al-Mu&#7789;ahhar al-Azd&#299;.</subfield></datafield><datafield ind1=" " ind2=" " tag="260"><subfield code="a">Baghd&#257;d :</subfield><subfield code="b">Maktabat al-Muthann&#257;,</subfield><subfield code="c">[1967?]</subfield></datafield><datafield ind1=" " ind2=" " tag="300"><subfield code="a">online resource (146, lxix p.)</subfield></datafield><datafield ind1=" " ind2=" " tag="500"><subfield code="a">Added t. p.: Abul&#7731;&#257;sim; ein Bagd&#257;der Sittenbild, von Mu&#7717;ammad ibn A&#7717;mad Abulmu&#7789;ahhar Azdi. Mit Anmerkungen hrsg. von Adam Mez.</subfield></datafield><datafield ind1=" " ind2=" " tag="500"><subfield code="a">Reprint of the 1902 ed.</subfield></datafield><datafield ind1=" " ind2=" " tag="500"><subfield code="a">Part of the Arabic Collections Online (ACO) project, contributed by New York Univeristy Libraries.</subfield></datafield><datafield ind1=" " ind2=" " tag="533"><subfield code="a">Electronic reproduction.</subfield><subfield code="b">New York, N.Y. :</subfield><subfield code="c">New York University,</subfield><subfield code="d">2014.</subfield><subfield code="5">NNU</subfield></datafield><datafield ind1=" " ind2="0" tag="651"><subfield code="a">Baghdad (Iraq)</subfield><subfield code="x">Social life and customs.</subfield></datafield><datafield ind1="1" ind2=" " tag="700"><subfield code="a">Mez, Adam,</subfield><subfield code="d">1869-1917</subfield></datafield><datafield ind1="2" ind2=" " tag="710"><subfield code="a">New York University.</subfield><subfield code="b">Libraries.</subfield></datafield><datafield ind1="0" ind2=" " tag="730"><subfield code="a">Arabic Collections Online.</subfield></datafield><datafield ind1="0" ind2=" " tag="740"><subfield code="a">Abul&#7731;&#257;sim, ein Bagd&#257;der Sittenbild.</subfield></datafield><datafield ind1="0" ind2="8" tag="776"><subfield code="i">Print version:</subfield><subfield code="a">Ab&#363; al-Mu&#7789;ahhar al-Azd&#299;, Mu&#7717;ammad ibn A&#7717;mad.</subfield><subfield code="t">&#7716;ik&#257;yat Ab&#299; al-Q&#257;sim al-Baghd&#257;d&#299;</subfield><subfield code="w">(NNU)001680091</subfield><subfield code="w">(DLC)ne 68005017</subfield></datafield><datafield ind1="4" ind2="0" tag="856"><subfield code="u">http://hdl.handle.net/2333.1/kkwh72k7</subfield></datafield><datafield ind1=" " ind2=" " tag="959"><subfield code="a">NNU</subfield><subfield code="b">WEB</subfield><subfield code="c">GENI</subfield><subfield code="t">0</subfield><subfield code="m">Electronic access</subfield><subfield code="s">01</subfield></datafield></record>